<?xml version="1.0" encoding="UTF-8"?><collection xmlns="http://www.loc.gov/MARC21/slim"><record><leader>00339nam--2200133-i-4500</leader><controlfield tag="001">000039509</controlfield><controlfield tag="002">20161230</controlfield><controlfield tag="005">20161230201042</controlfield><controlfield tag="008">060222s1000------------r-----000-0-eng-d</controlfield><datafield ind1=" " ind2=" " tag="080"><subfield code="a">542</subfield></datafield><datafield ind1=" " ind2=" " tag="100"><subfield code="a">Rohrbeck,W.J</subfield></datafield><datafield ind1=" " ind2=" " tag="245"><subfield code="a">Allgemeine chemische apparate und gerte liste</subfield></datafield><datafield ind1=" " ind2=" " tag="260"><subfield code="a">Wien, Druk Von Kurt Hedrich, 1912. 559 P</subfield></datafield><datafield ind1=" " ind2=" " tag="852"><subfield code="a">76495</subfield></datafield></record></collection>